@report{Cormen2009,
	author = {Thomas H Cormen and Charles E Leiserson and Ronald L Rivest and Clifford Stein},
	keywords = {0262033844
	9780262033848
	0262533057
	9780262533058},
	pages = {294-294},
	title = {Introduction to Algorithms, Third Edition},
	year = {2009},
}
