@article{deng2012mnist,
  title={The mnist database of handwritten digit images for machine learning research},
  author={Deng, Li},
  journal={IEEE Signal Processing Magazine},
  volume={29},
  number={6},
  pages={141--142},
  year={2012},
  publisher={IEEE}
}
    
@webpage{Zalek2019,
	author = {Anwar Zalek},
	note = {Japanese Handwritten Digits (JHT) is a dataset of Japanese handwritten  forms provided by Keio University - consisting of images set of 13,500  examples  Each example is a 28x28 grayscale image, associated with a  label from 10 classes which are the digits itself.},
	title = {Japanese Handwritten Digits (JHD)},
	url = {https://www.kaggle.com/datasets/anwarzalek/japanese-handwritten-digits?resource=download},
	year = {2019},
}

@webpage{V2022,
	author = {Sergey V},
	note = {Self-generated numbers with different backgrounds and positions.},
	title = {Digits Classification Dataset},
	url = {https://www.kaggle.com/datasets/ox0000dead/numbers-classification-dataset},
	year = {2022},
}

@webpage{Meier2023,
	author = {Andr√© Meier},
	note = {European (Swiss) handwritten digits 90x140px.},
	title = {Handwritten Digits 0 - 9},
	url = {https://www.kaggle.com/datasets/olafkrastovski/handwritten-digits-0-9},
	year = {2023},
}

@webpage{Heusser2020,
	author = {Michel Heusser},
	note = {Includes digits (0-9) and simple mathematical operators (+-*/[]).},
	title = {Dataset: Handwritten Digits and Operators},
	url = {https://www.kaggle.com/datasets/michelheusser/handwritten-digits-and-operators?select=CompleteDataSet_testing_tuples.npy},
	year = {2020},
}

@webpage{Colianni2017,
	author = {Stuart Colianni},
	note = {Kaggle Digit Recognizer Competition Dataset as .jpg Image Files},
	title = {MNIST as .jpg},
	url = {https://www.kaggle.com/datasets/scolianni/mnistasjpg},
	year = {2017}
}